<record><leader>00000cas a22000007a 4500</leader><controlfield tag="001">24037212</controlfield><controlfield tag="008">910708d19721982mnucr ne      0    0eng d</controlfield><datafield ind1=" " ind2=" " tag="010"><subfield code="a">sn 90059893 </subfield></datafield><datafield ind1=" " ind2=" " tag="040"><subfield code="a">MN#</subfield><subfield code="b">eng</subfield><subfield code="c">MN#</subfield><subfield code="d">OCLCQ</subfield><subfield code="d">OCLCO</subfield></datafield><datafield ind1="1" ind2=" " tag="029"><subfield code="a">AU@</subfield><subfield code="b">000025896933</subfield></datafield><datafield ind1=" " ind2=" " tag="042"><subfield code="a">msc</subfield></datafield><datafield ind1=" " ind2=" " tag="043"><subfield code="a">n-us-mn</subfield></datafield><datafield ind1=" " ind2=" " tag="052"><subfield code="a">4144</subfield><subfield code="b">M5:2C5</subfield></datafield><datafield ind1="0" ind2="4" tag="245"><subfield code="a">The Minneapolis downtown skyway news.</subfield></datafield><datafield ind1=" " ind2=" " tag="260"><subfield code="a">Minneapolis, Minn. :</subfield><subfield code="b">[s.n.].,</subfield><subfield code="c">1972-1982.</subfield></datafield><datafield ind1=" " ind2=" " tag="300"><subfield code="a">11 v.</subfield></datafield><datafield ind1=" " ind2=" " tag="310"><subfield code="a">Semiweekly,</subfield><subfield code="b">Jan. 4, 1977-Sept. 28, 1982</subfield></datafield><datafield ind1=" " ind2=" " tag="321"><subfield code="a">Weekly,</subfield><subfield code="b">Nov. 29, 1972-Dec. 28, 1976</subfield></datafield><datafield ind1="0" ind2=" " tag="362"><subfield code="a">Vol. 3, no. 47 (Nov. 29, 1972)-v. 13, no. 75 (Sept. 28, 1982).</subfield></datafield><datafield ind1=" " ind2=" " tag="530"><subfield code="a">Available on microfilm from the Minnesota Historical Society.</subfield></datafield><datafield ind1=" " ind2="0" tag="650"><subfield code="a">Shopping</subfield><subfield code="z">Minnesota</subfield><subfield code="z">Minneapolis</subfield><subfield code="v">Periodicals.</subfield></datafield><datafield ind1=" " ind2="0" tag="651"><subfield code="a">Central Business District (Minneapolis, Minn.)</subfield><subfield code="v">Newspapers.</subfield></datafield><datafield ind1="0" ind2=" " tag="775"><subfield code="t">Freeway news</subfield><subfield code="w">(DLC)sn 90059910</subfield></datafield><datafield ind1="0" ind2="0" tag="780"><subfield code="t">Skyway news (Minneapolis, Minn. : 1970)</subfield><subfield code="w">(DLC)sn 90059756</subfield></datafield><datafield ind1="0" ind2="0" tag="785"><subfield code="t">Skyway news (Minneapolis, Minn. : 1982)</subfield><subfield code="w">(DLC)sn 90059894</subfield></datafield></record>